% BIBLIOGRAPHY

@Article{marth99,
   Author="Marth, G. T.  and Korf, I.  and Yandell, M. D.  and Yeh, R. T.  and Gu, Z.  and Zakeri, H.  and Stitziel, N. O.  and Hillier, L.  and Kwok, P. Y.  and Gish, W. R. ",
   Title="{{A} general approach to single-nucleotide polymorphism discovery}",
   Journal="Nat. Genet.",
   Year="1999",
   Volume="23",
   Pages="452--456",
   Month="Dec"
}

@misc{freebayeshome,
Author="Garrison, E.",
Howpublished={\url{http://bioinformatics.bc.edu/marthlab/FreeBayes}},
Title="{FreeBayes}",
Year=2011
}

@misc{freebayesgit,
Author="Garrison, E.",
Howpublished={\url{https://github.com/ekg/freebayes}},
Title="{FreeBayes source repository}",
Year=2012
}

@article{garrison2012haplotype,
      title={Haplotype-based variant detection from short-read sequencing},
      author={Garrison, Erik and Marth, Gabor},
      journal={arXiv preprint arXiv:1207.3907},
      year={2012}
    }

@misc{mutatrixgit,
Author="Garrison, E.",
Howpublished={\url{https://github.com/ekg/mutatrix}},
Title="{mutatrix population genome simulator}",
Year=2012
}

@misc{ogapgit,
Author="Garrison, E.",
Howpublished={\url{https://github.com/ekg/ogap}},
Title="{ogap: a local indel realigner}",
Year=2012
}

@misc{vcflibgit,
Author="Garrison, E.",
Howpublished={\url{https://github.com/ekg/vcflib}},
Title="{vcflib: variant call file processing and manipulation utilities}",
Year=2012
}

@misc{bamleftaligngit,
Author="Garrison, E.",
Howpublished={\url{https://github.com/ekg/freebayes/blob/master/src/bamleftalign.cpp}},
Title="{bamleftalign: BAM indel left-realigner}",
Year=2012
}

@misc{mosaik,
Author="Lee, W. P. and M. Str{\"{o}}mberg",
Howpublished={\url{https://github.com/wanpinglee/MOSAIK}},
Title="{MOSAIK reference-guided aligner for next-generation sequencing technologies}",
Year=2012
}

@Article{ewens72,
   Author="Ewens, W. J. ",
   Title="{{T}he sampling theory of selectively neutral alleles}",
   Journal="Theor Popul Biol",
   Year="1972",
   Volume="3",
   Pages="87--112",
   Month="Mar"
}

@Article{li2011stats,
   Author="Li, H. ",
   Title="{{A} statistical framework for {S}{N}{P} calling, mutation discovery, association mapping and population genetical parameter estimation from sequencing data}",
   Journal="Bioinformatics",
   Year="2011",
   Volume="27",
   Number="21",
   Pages="2987--2993",
   Month="Nov"
}



@Article{samtools,
   Author="Li, H.  and Handsaker, B.  and Wysoker, A.  and Fennell, T.  and Ruan, J.  and Homer, N.  and Marth, G.  and Abecasis, G.  and Durbin, R. ",
   Title="{{T}he {S}equence {A}lignment/{M}ap format and {S}{A}{M}tools}",
   Journal="Bioinformatics",
   Year="2009",
   Volume="25",
   Number="16",
   Pages="2078--2079",
   Month="Aug"
}

@Article{libaq,
   Author="Li, H. ",
   Title="{{I}mproving {S}{N}{P} discovery by base alignment quality}",
   Journal="Bioinformatics",
   Year="2011",
   Volume="27",
   Number="8",
   Pages="1157--1158",
   Month="Apr"
}

@Article{gatk2011,
   Author="DePristo, M. A.  and Banks, E.  and Poplin, R.  and Garimella, K. V.  and Maguire, J. R.  and Hartl, C.  and Philippakis, A. A.  and del Angel, G.  and Rivas, M. A.  and Hanna, M.  and McKenna, A.  and Fennell, T. J.  and Kernytsky, A. M.  and Sivachenko, A. Y.  and Cibulskis, K.  and Gabriel, S. B.  and Altshuler, D.  and Daly, M. J. ",
   Title="{{A} framework for variation discovery and genotyping using next-generation {D}{N}{A} sequencing data}",
   Journal="Nat. Genet.",
   Year="2011",
   Volume="43",
   Number="5",
   Pages="491--498",
   Month="May"
}

@Article{browning2007,
   Author="Browning, S. R.  and Browning, B. L. ",
   Title="{{R}apid and accurate haplotype phasing and missing-data inference for whole-genome association studies by use of localized haplotype clustering}",
   Journal="Am. J. Hum. Genet.",
   Year="2007",
   Volume="81",
   Number="5",
   Pages="1084--1097",
   Month="Nov"
}

@Article{mach2010,
   Author="Li, Y.  and Willer, C. J.  and Ding, J.  and Scheet, P.  and Abecasis, G. R. ",
   Title="{{M}a{C}{H}: using sequence and genotype data to estimate haplotypes and unobserved genotypes}",
   Journal="Genet. Epidemiol.",
   Year="2010",
   Volume="34",
   Number="8",
   Pages="816--834",
   Month="Dec"
}

@Article{delaneau2012,
   Author="Delaneau, O.  and Marchini, J.  and Zagury, J. F. ",
   Title="{{A} linear complexity phasing method for thousands of genomes}",
   Journal="Nat. Methods",
   Year="2012",
   Volume="9",
   Number="2",
   Pages="179--181",
   Month="Feb"
}

@Article{howie2009,
   Author="Howie, B. N.  and Donnelly, P.  and Marchini, J. ",
   Title="{{A} flexible and accurate genotype imputation method for the next generation of genome-wide association studies}",
   Journal="PLoS Genet.",
   Year="2009",
   Volume="5",
   Number="6",
   Pages="e1000529",
   Month="Jun"
}

@Article{howie2011,
   Author="Howie, B.  and Marchini, J.  and Stephens, M. ",
   Title="{{G}enotype imputation with thousands of genomes}",
   Journal="G3 (Bethesda)",
   Year="2011",
   Volume="1",
   Number="6",
   Pages="457--470",
   Month="Nov"
}

@Article{clarke2009,
   Author="Clarke, J.  and Wu, H. C.  and Jayasinghe, L.  and Patel, A.  and Reid, S.  and Bayley, H. ",
   Title="{{C}ontinuous base identification for single-molecule nanopore {D}{N}{A} sequencing}",
   Journal="Nat Nanotechnol",
   Year="2009",
   Volume="4",
   Number="4",
   Pages="265--270",
   Month="Apr"
}

@Article{branton2008,
   Author="Branton, D.  and Deamer, D. W.  and Marziali, A.  and Bayley, H.  and Benner, S. A.  and Butler, T.  and Di Ventra, M.  and Garaj, S.  and Hibbs, A.  and Huang, X.  and Jovanovich, S. B.  and Krstic, P. S.  and Lindsay, S.  and Ling, X. S.  and Mastrangelo, C. H.  and Meller, A.  and Oliver, J. S.  and Pershin, Y. V.  and Ramsey, J. M.  and Riehn, R.  and Soni, G. V.  and Tabard-Cossa, V.  and Wanunu, M.  and Wiggin, M.  and Schloss, J. A. ",
   Title="{{T}he potential and challenges of nanopore sequencing}",
   Journal="Nat. Biotechnol.",
   Year="2008",
   Volume="26",
   Number="10",
   Pages="1146--1153",
   Month="Oct"
}

@Article{tajima1983,
   Author="Tajima, F. ",
   Title="{{E}volutionary relationship of {D}{N}{A} sequences in finite populations}",
   Journal="Genetics",
   Year="1983",
   Volume="105",
   Number="2",
   Pages="437--460",
   Month="Oct"
}

@Article{watterson1975,
   Author="Watterson, G. A. ",
   Title="{{O}n the number of segregating sites in genetical models without recombination}",
   Journal="Theor Popul Biol",
   Year="1975",
   Volume="7",
   Number="2",
   Pages="256--276",
   Month="Apr"
}

@Techreport{holtgrewe2010,
    Author="Holtgrewe, M.",
    Year="2010",
    Title="Mason – a read simulator for second generation sequencing data",
    Journal="Technical Report",
    Number="TR-B-10-06",
    Institution="Institut für Mathematik und Informatik, Freie Universität Berlin"
}

% 23128226 
@Article{1000Gphase1,
    Title="{{A}n integrated map of genetic variation from 1,092 human genomes}",
    Journal="Nature",
    Year="2012",
    Volume="491",
    Number="7422",
    Pages="56--65",
    Month="Nov",
    Author="1000 Genomes Project Participants, The"
}

@Article{iqbal2012,
    Author="Iqbal, Z.  and Caccamo, M.  and Turner, I.  and Flicek, P.  and McVean, G. ",
    Title="{{D}e novo assembly and genotyping of variants using colored de {B}ruijn graphs}",
    Journal="Nat. Genet.",
    Year="2012",
    Volume="44",
    Number="2",
    Pages="226--232",
    Month="Feb"
}

@Article{albers2011,
    Author="Albers, C. A.  and Lunter, G.  and MacArthur, D. G.  and McVean, G.  and Ouwehand, W. H.  and Durbin, R. ",
    Title="{{D}indel: accurate indel calls from short-read data}",
    Journal="Genome Res.",
    Year="2011",
    Volume="21",
    Number="6",
    Pages="961--973",
    Month="Jun"
}

@article{opmac99,
  author    = {David W. Opitz and
               Richard Maclin},
  title     = {Popular Ensemble Methods: An Empirical Study},
  journal   = {J. Artif. Intell. Res. (JAIR)},
  volume    = {11},
  year      = {1999},
  pages     = {169-198},
}

@Article{blmash,
   Author="Cleary, S. P.  and Zhang, W.  and Di Nicola, N.  and Aronson, M.  and Aube, J.  and Steinman, A.  and Haddad, R.  and Redston, M.  and Gallinger, S.  and Narod, S. A.  and Gryfe, R. ",
   Title="{{H}eterozygosity for the {B}{L}{M}({A}sh) mutation and cancer risk}",
   Journal="Cancer Res.",
   Year="2003",
   Volume="63",
   Number="8",
   Pages="1769--1771",
   Month="Apr"
}

@Article{recurrentTERT2013,
   Author="Huang, F. W.  and Hodis, E.  and Xu, M. J.  and Kryukov, G. V.  and Chin, L.  and Garraway, L. A. ",
   Title="{{H}ighly recurrent {T}{E}{R}{T} promoter mutations in human melanoma}",
   Journal="Science",
   Year="2013",
   Volume="339",
   Number="6122",
   Pages="957--959",
   Month="Feb"
}

@Article{snpsvm,
   Author="O'Fallon, B. D.  and Wooderchak-Donahue, W.  and Crockett, D. K. ",
   Title="{{A} support vector machine for identification of single-nucleotide polymorphisms from next-generation sequencing data}",
   Journal="Bioinformatics",
   Year="2013",
   Volume="29",
   Number="11",
   Pages="1361--1366",
   Month="Jun"
}

@Article{snptools,
   Author="Wang, Y.  and Lu, J.  and Yu, J.  and Gibbs, R. A.  and Yu, F. ",
   Title="{{A}n integrative variant analysis pipeline for accurate genotype/haplotype inference in population {N}{G}{S} data}",
   Journal="Genome Res.",
   Year="2013",
   Volume="23",
   Number="5",
   Pages="833--842",
   Month="May"
}

@Article{maq,
   Author="Li, H.  and Ruan, J.  and Durbin, R. ",
   Title="{{M}apping short {D}{N}{A} sequencing reads and calling variants using mapping quality scores}",
   Journal="Genome Res.",
   Year="2008",
   Volume="18",
   Number="11",
   Pages="1851--1858",
   Month="Nov"
}

@Article{mummer,
   Author="Delcher, A. L.  and Kasif, S.  and Fleischmann, R. D.  and Peterson, J.  and White, O.  and Salzberg, S. L. ",
   Title="{{A}lignment of whole genomes}",
   Journal="Nucleic Acids Res.",
   Year="1999",
   Volume="27",
   Number="11",
   Pages="2369--2376",
   Month="Jun"
}

% 11237011 
%   Author="Lander, E. S.  and Linton, L. M.  and Birren, B.  and Nusbaum, C.  and Zody, M. C.  and Baldwin, J.  and Devon, K.  and Dewar, K.  and Doyle, M.  and FitzHugh, W.  and Funke, R.  and Gage, D.  and Harris, K.  and Heaford, A.  and Howland, J.  and Kann, L.  and Lehoczky, J.  and LeVine, R.  and McEwan, P.  and McKernan, K.  and Meldrim, J.  and Mesirov, J. P.  and Miranda, C.  and Morris, W.  and Naylor, J.  and Raymond, C.  and Rosetti, M.  and Santos, R.  and Sheridan, A.  and Sougnez, C.  and Stange-Thomann, N.  and Stojanovic, N.  and Subramanian, A.  and Wyman, D.  and Rogers, J.  and Sulston, J.  and Ainscough, R.  and Beck, S.  and Bentley, D.  and Burton, J.  and Clee, C.  and Carter, N.  and Coulson, A.  and Deadman, R.  and Deloukas, P.  and Dunham, A.  and Dunham, I.  and Durbin, R.  and French, L.  and Grafham, D.  and Gregory, S.  and Hubbard, T.  and Humphray, S.  and Hunt, A.  and Jones, M.  and Lloyd, C.  and McMurray, A.  and Matthews, L.  and Mercer, S.  and Milne, S.  and Mullikin, J. C.  and Mungall, A.  and Plumb, R.  and Ross, M.  and Shownkeen, R.  and Sims, S.  and Waterston, R. H.  and Wilson, R. K.  and Hillier, L. W.  and McPherson, J. D.  and Marra, M. A.  and Mardis, E. R.  and Fulton, L. A.  and Chinwalla, A. T.  and Pepin, K. H.  and Gish, W. R.  and Chissoe, S. L.  and Wendl, M. C.  and Delehaunty, K. D.  and Miner, T. L.  and Delehaunty, A.  and Kramer, J. B.  and Cook, L. L.  and Fulton, R. S.  and Johnson, D. L.  and Minx, P. J.  and Clifton, S. W.  and Hawkins, T.  and Branscomb, E.  and Predki, P.  and Richardson, P.  and Wenning, S.  and Slezak, T.  and Doggett, N.  and Cheng, J. F.  and Olsen, A.  and Lucas, S.  and Elkin, C.  and Uberbacher, E.  and Frazier, M.  and Gibbs, R. A.  and Muzny, D. M.  and Scherer, S. E.  and Bouck, J. B.  and Sodergren, E. J.  and Worley, K. C.  and Rives, C. M.  and Gorrell, J. H.  and Metzker, M. L.  and Naylor, S. L.  and Kucherlapati, R. S.  and Nelson, D. L.  and Weinstock, G. M.  and Sakaki, Y.  and Fujiyama, A.  and Hattori, M.  and Yada, T.  and Toyoda, A.  and Itoh, T.  and Kawagoe, C.  and Watanabe, H.  and Totoki, Y.  and Taylor, T.  and Weissenbach, J.  and Heilig, R.  and Saurin, W.  and Artiguenave, F.  and Brottier, P.  and Bruls, T.  and Pelletier, E.  and Robert, C.  and Wincker, P.  and Smith, D. R.  and Doucette-Stamm, L.  and Rubenfield, M.  and Weinstock, K.  and Lee, H. M.  and Dubois, J.  and Rosenthal, A.  and Platzer, M.  and Nyakatura, G.  and Taudien, S.  and Rump, A.  and Yang, H.  and Yu, J.  and Wang, J.  and Huang, G.  and Gu, J.  and Hood, L.  and Rowen, L.  and Madan, A.  and Qin, S.  and Davis, R. W.  and Federspiel, N. A.  and Abola, A. P.  and Proctor, M. J.  and Myers, R. M.  and Schmutz, J.  and Dickson, M.  and Grimwood, J.  and Cox, D. R.  and Olson, M. V.  and Kaul, R.  and Raymond, C.  and Shimizu, N.  and Kawasaki, K.  and Minoshima, S.  and Evans, G. A.  and Athanasiou, M.  and Schultz, R.  and Roe, B. A.  and Chen, F.  and Pan, H.  and Ramser, J.  and Lehrach, H.  and Reinhardt, R.  and McCombie, W. R.  and de la Bastide, M.  and Dedhia, N.  and Blocker, H.  and Hornischer, K.  and Nordsiek, G.  and Agarwala, R.  and Aravind, L.  and Bailey, J. A.  and Bateman, A.  and Batzoglou, S.  and Birney, E.  and Bork, P.  and Brown, D. G.  and Burge, C. B.  and Cerutti, L.  and Chen, H. C.  and Church, D.  and Clamp, M.  and Copley, R. R.  and Doerks, T.  and Eddy, S. R.  and Eichler, E. E.  and Furey, T. S.  and Galagan, J.  and Gilbert, J. G.  and Harmon, C.  and Hayashizaki, Y.  and Haussler, D.  and Hermjakob, H.  and Hokamp, K.  and Jang, W.  and Johnson, L. S.  and Jones, T. A.  and Kasif, S.  and Kaspryzk, A.  and Kennedy, S.  and Kent, W. J.  and Kitts, P.  and Koonin, E. V.  and Korf, I.  and Kulp, D.  and Lancet, D.  and Lowe, T. M.  and McLysaght, A.  and Mikkelsen, T.  and Moran, J. V.  and Mulder, N.  and Pollara, V. J.  and Ponting, C. P.  and Schuler, G.  and Schultz, J.  and Slater, G.  and Smit, A. F.  and Stupka, E.  and Szustakowski, J.  and Thierry-Mieg, D.  and Thierry-Mieg, J.  and Wagner, L.  and Wallis, J.  and Wheeler, R.  and Williams, A.  and Wolf, Y. I.  and Wolfe, K. H.  and Yang, S. P.  and Yeh, R. F.  and Collins, F.  and Guyer, M. S.  and Peterson, J.  and Felsenfeld, A.  and Wetterstrand, K. A.  and Patrinos, A.  and Morgan, M. J.  and de Jong, P.  and Catanese, J. J.  and Osoegawa, K.  and Shizuya, H.  and Choi, S.  and Chen, Y. J.  and Szustakowki, J. ",
@Article{pmid11237011,
   Title="{{I}nitial sequencing and analysis of the human genome}",
   Journal="Nature",
   Year="2001",
   Volume="409",
   Number="6822",
   Pages="860--921",
   Month="Feb",
   Author="International Human Genome Sequencing Consortium"
}

% 12368864 
@Article{pfalciparum,
   Author="Gardner, M. J.  and Hall, N.  and Fung, E.  and White, O.  and Berriman, M.  and Hyman, R. W.  and Carlton, J. M.  and Pain, A.  and Nelson, K. E.  and Bowman, S.  and Paulsen, I. T.  and James, K.  and Eisen, J. A.  and Rutherford, K.  and Salzberg, S. L.  and Craig, A.  and Kyes, S.  and Chan, M. S.  and Nene, V.  and Shallom, S. J.  and Suh, B.  and Peterson, J.  and Angiuoli, S.  and Pertea, M.  and Allen, J.  and Selengut, J.  and Haft, D.  and Mather, M. W.  and Vaidya, A. B.  and Martin, D. M.  and Fairlamb, A. H.  and Fraunholz, M. J.  and Roos, D. S.  and Ralph, S. A.  and McFadden, G. I.  and Cummings, L. M.  and Subramanian, G. M.  and Mungall, C.  and Venter, J. C.  and Carucci, D. J.  and Hoffman, S. L.  and Newbold, C.  and Davis, R. W.  and Fraser, C. M.  and Barrell, B. ",
   Title="{{G}enome sequence of the human malaria parasite {P}lasmodium falciparum}",
   Journal="Nature",
   Year="2002",
   Volume="419",
   Number="6906",
   Pages="498--511",
   Month="Oct"
}

@misc{pfalciparumweb,
Author="Plasmodium falciparum Genome Project Consortium",
Howpublished={\url{http://www.sanger.ac.uk/resources/downloads/protozoa/plasmodium-falciparum.html}},
Title="{Plasmodium falciparum Genome Project}",
Year=2015
}

% 21030649 
@Article{sudmant2010,
   Author="Sudmant, P. H.  and Kitzman, J. O.  and Antonacci, F.  and Alkan, C.  and Malig, M.  and Tsalenko, A.  and Sampas, N.  and Bruhn, L.  and Shendure, J. and 1000 Genomes Project  and Eichler, E. E.",
   Title="{{D}iversity of human copy number variation and multicopy genes}",
   Journal="Science",
   Year="2010",
   Volume="330",
   Number="6004",
   Pages="641--646",
   Month="Oct"
}

% 20858594 
@Article{mills2010,
   Author="Mullaney, J. M.  and Mills, R. E.  and Pittard, W. S.  and Devine, S. E. ",
   Title="{{S}mall insertions and deletions ({I}{N}{D}{E}{L}s) in human genomes}",
   Journal="Hum. Mol. Genet.",
   Year="2010",
   Volume="19",
   Number="R2",
   Pages="R131--136",
   Month="Oct"
}

@article{li2013bwamem,
Author = {Heng Li},
Title = {Aligning sequence reads, clone sequences and assembly contigs with BWA-MEM},
Year = {2013},
journal = {arXiv preprint arXiv:1303.3997},
}

% 21876680 
@Article{stewart2011,
   Author="Stewart, C.  and Kural, D.  and Stromberg, M. P.  and Walker, J. A.  and Konkel, M. K.  and Stutz, A. M.  and Urban, A. E.  and Grubert, F.  and Lam, H. Y.  and Lee, W. P.  and Busby, M.  and Indap, A. R.  and Garrison, E.  and Huff, C.  and Xing, J.  and Snyder, M. P.  and Jorde, L. B.  and Batzer, M. A.  and Korbel, J. O.  and Marth, G. T. ",
   Title="{{A} comprehensive map of mobile element insertion polymorphisms in humans}",
   Journal="PLoS Genet.",
   Year="2011",
   Volume="7",
   Number="8",
   Pages="e1002236",
   Month="Aug"
}

@article{paten2014mapping,
  title={Mapping to a Reference Genome Structure},
  author={Paten, Benedict and Novak, Adam and Haussler, David},
  journal={arXiv preprint arXiv:1404.5010},
  year={2014}
}

% 11934745 
@Article{lee2002POA,
   Author="Lee, C.  and Grasso, C.  and Sharlow, M. F. ",
   Title="{{M}ultiple sequence alignment using partial order graphs}",
   Journal="Bioinformatics",
   Year="2002",
   Volume="18",
   Number="3",
   Pages="452--464",
   Month="Mar"
}

% 7166760 
@Article{gotoh1982,
   Author="Gotoh, O. ",
   Title="{{A}n improved algorithm for matching biological sequences}",
   Journal="J. Mol. Biol.",
   Year="1982",
   Volume="162",
   Number="3",
   Pages="705--708",
   Month="Dec"
}

% 20529929 
@Article{simpson2010,
   Author="Simpson, J. T.  and Durbin, R. ",
   Title="{{E}fficient construction of an assembly string graph using the {F}{M}-index}",
   Journal="Bioinformatics",
   Year="2010",
   Volume="26",
   Number="12",
   Pages="i367--373",
   Month="Jun"
}

% 16204131 
@Article{myers2005,
   Author="Myers, E. W. ",
   Title="{{T}he fragment assembly string graph}",
   Journal="Bioinformatics",
   Year="2005",
   Volume="21 Suppl 2",
   Pages="79--85",
   Month="Sep"
}

@article{Yuan_2012,
  title= {Read-mapping using personalized diploid reference genome for RNA sequencing data reduced bias for detecting allele-specific expression},
  isbn= {http://id.crossref.org/isbn/978-1-4673-2744-2},
  url= {http://dx.doi.org/10.1109/BIBMW.2012.6470225},
  journal= {2012 IEEE International Conference on Bioinformatics and Biomedicine Workshops},
  publisher= {IEEE},
  author= {Yuan, Shuai and Qin, Zhaohui},
  year= {2012},
  month= {Oct},
}

@article{protobuf,
title="Protocol Buffers - Google's data interchange format",
Author="Sanjay Ghemawat and Jeff Dean and Daniel Dulitz and Craig Silverstein and Paul Haahr and Corey Anderson",
Howpublished={\url{https://github.com/google/protobuf/}},
year=2015
}

% 2706401 
@Article{myers1989,
   Author="Myers, E. W.  and Miller, W. ",
   Title="{{A}pproximate matching of regular expressions}",
   Journal="Bull. Math. Biol.",
   Year="1989",
   Volume="51",
   Number="1",
   Pages="5--37"
}

% 19505943 
@Article{li2009sambam,
   Author="Li, H.  and Handsaker, B.  and Wysoker, A.  and Fennell, T.  and Ruan, J.  and Homer, N.  and Marth, G.  and Abecasis, G.  and Durbin, R. ",
   Title="{{T}he {S}equence {A}lignment/{M}ap format and {S}{A}{M}tools}",
   Journal="Bioinformatics",
   Year="2009",
   Volume="25",
   Number="16",
   Pages="2078--2079",
   Month="Aug"
}

@incollection{siren2011indexing,
  title={Indexing finite language representation of population genotypes},
  author={Sir{\'e}n, Jouni and V{\"a}lim{\"a}ki, Niko and M{\"a}kinen, Veli},
  booktitle={Algorithms in Bioinformatics},
  pages={270--281},
  year={2011},
  publisher={Springer}
}

@article{li2013aligning,
  title={Aligning sequence reads, clone sequences and assembly contigs with BWA-MEM},
  author={Li, Heng},
  journal={arXiv preprint arXiv:1303.3997},
  year={2013}
}

@article{kent2002blat,
  title={BLAT—the BLAST-like alignment tool},
  author={Kent, W James},
  journal={Genome research},
  volume={12},
  number={4},
  pages={656--664},
  year={2002},
  publisher={Cold Spring Harbor Lab}
}

@inproceedings{ferragina2004alphabet,
  title={An alphabet-friendly FM-index},
  author={Ferragina, Paolo and Manzini, Giovanni and M{\"a}kinen, Veli and Navarro, Gonzalo},
  booktitle={String Processing and Information Retrieval},
  pages={150--160},
  year={2004},
  organization={Springer}
}

@article{lee2014mosaik,
  title={MOSAIK: A hash-based algorithm for accurate next-generation sequencing short-read mapping},
  author={Lee, Wan-Ping and Stromberg, Michael P and Ward, Alistair and Stewart, Chip and Garrison, Erik P and Marth, Gabor T},
  journal={PloS one},
  volume={9},
  number={3},
  pages={e90581},
  year={2014},
  publisher={Public Library of Science}
}

@article{puglisi2007taxonomy,
  title={A taxonomy of suffix array construction algorithms},
  author={Puglisi, Simon J and Smyth, William F and Turpin, Andrew H},
  journal={ACM Computing Surveys (CSUR)},
  volume={39},
  number={2},
  pages={4},
  year={2007},
  publisher={ACM}
}

@article{huang2013short,
  title={Short read alignment with populations of genomes},
  author={Huang, Lin and Popic, Victoria and Batzoglou, Serafim},
  journal={Bioinformatics},
  volume={29},
  number={13},
  pages={i361--i370},
  year={2013},
  publisher={Oxford Univ Press}
}

@article{zhao2013ssw,
  title={SSW library: An SIMD smith-waterman C/C++ library for use in genomic applications},
  author={Zhao, Mengyao and Lee, Wan-Ping and Garrison, Erik P and Marth, Gabor T},
  journal={PloS one},
  volume={8},
  number={12},
  pages={e82138},
  year={2013},
  publisher={Public Library of Science}
}

@article{farrar2007striped,
  title={Striped Smith--Waterman speeds database searches six times over other SIMD implementations},
  author={Farrar, Michael},
  journal={Bioinformatics},
  volume={23},
  number={2},
  pages={156--161},
  year={2007},
  publisher={Oxford Univ Press}
}

% 25915597
    @Article{prg2015,
       Author="Dilthey, A.  and Cox, C.  and Iqbal, Z.  and Nelson, M. R.  and McVean, G. ",
       Title="{{I}mproved genome inference in the {M}{H}{C} using a population reference graph}",
       Journal="Nat. Genet.",
       Year="2015",
       Volume="47",
       Number="6",
       Pages="682--688",
       Month="Jun"
    }

    % 23172865
    @Article{iqbal2013,
       Author="Iqbal, Z.  and Turner, I.  and McVean, G. ",
       Title="{{H}igh-throughput microbial population genomics using the {C}ortex variation assembler}",
       Journal="Bioinformatics",
       Year="2013",
       Volume="29",
       Number="2",
       Pages="275--276",
       Month="Jan"
    }
    
% 18349386
    @Article{zerbino2008,
       Author="Zerbino, D. R.  and Birney, E. ",
       Title="{{V}elvet: algorithms for de novo short read assembly using de {B}ruijn graphs}",
       Journal="Genome Res.",
       Year="2008",
       Volume="18",
       Number="5",
       Pages="821--829",
       Month="May"
    }
    

% 24324759
    @Article{zhao2013,
       Author="Zhao, M.  and Lee, W. P.  and Garrison, E. P.  and Marth, G. T. ",
       Title="{{S}{S}{W} library: an {S}{I}{M}{D} {S}mith-{W}aterman {C}/{C}++ library for use in genomic applications}",
       Journal="PLoS ONE",
       Year="2013",
       Volume="8",
       Number="12",
       Pages="e82138"
    }
    
% 17110365
    @Article{farrar2007,
       Author="Farrar, M. ",
       Title="{{S}triped {S}mith-{W}aterman speeds database searches six times over other {S}{I}{M}{D} implementations}",
       Journal="Bioinformatics",
       Year="2007",
       Volume="23",
       Number="2",
       Pages="156--161",
       Month="Jan"
    }
    
@inproceedings{sdsl2014,
  title={From theory to practice: Plug and play with succinct data structures},
  author={Gog, Simon and Beller, Timo and Moffat, Alistair and Petri, Matthias},
  booktitle={International Symposium on Experimental Algorithms},
  pages={326--337},
  year={2014},
  organization={Springer}
}

@article{tarjan1972depth,
      title={Depth-first search and linear graph algorithms},
      author={Tarjan, Robert},
      journal={SIAM journal on computing},
      volume={1},
      number={2},
      pages={146--160},
      year={1972},
      publisher={SIAM}
    }

@article{1000g2015,
      title={A global reference for human genetic variation},
      author={1000 Genomes Project Consortium and others},
      journal={Nature},
      volume={526},
      number={7571},
      pages={68--74},
      year={2015},
      publisher={Nature Publishing Group}
    }

@article{exac2015,
      title={Quantifying the unobserved protein-coding variants in human populations provides a roadmap for large-scale sequencing projects},
      author={Zou, James and Valiant, Gregory and Valiant, Paul and Karczewski, Konrad and Chan, Siu On and Samocha, Kaitlin and Lek, Mokol and Sunyaev, Shamil and Daly, Mark and MacArthur, Daniel and others},
      journal={bioRxiv},
      pages={030841},
      year={2015},
      publisher={Cold Spring Harbor Labs Journals}
    }

    @article{durbin2014,
      title={Efficient haplotype matching and storage using the positional {B}urrows--{W}heeler transform ({P}{B}{W}{T})},
      author={Durbin, Richard},
      journal={Bioinformatics},
      volume={30},
      number={9},
      pages={1266--1272},
      year={2014},
      publisher={Oxford Univ Press}
    }

    @inproceedings{okanohara2007,
      title={Practical entropy-compressed rank/select dictionary},
      author={Okanohara, Daisuke and Sadakane, Kunihiko},
      booktitle={Proceedings of the Meeting on Algorithm Engineering \& Expermiments},
      pages={60--70},
      year={2007},
      organization={Society for Industrial and Applied Mathematics}
    }

    @article{fmindex2005,
      title={Indexing compressed text},
      author={Ferragina, Paolo and Manzini, Giovanni},
      journal={Journal of the ACM (JACM)},
      volume={52},
      number={4},
      pages={552--581},
      year={2005},
      publisher={ACM}
    }

    @inproceedings{fmindex2000,
      title={Opportunistic data structures with applications},
      author={Ferragina, Paolo and Manzini, Giovanni},
      booktitle={Proceedings 41st Annual Symposium on Foundations of Computer Science},
      pages={390--398},
      year={2000},
      organization={IEEE}
    }

    @inproceedings{burrowswheeler1994,
      title={A block-sorting lossless data compression algorithm},
      author={Burrows, Michael and Wheeler, David},
      booktitle={SRC Research Report},
      year={1994},
      organization={Digital Systems Research Center, Palo Alto, California}
    }

    @article{kim2015hisat,
      title={HISAT: a fast spliced aligner with low memory requirements},
      author={Kim, Daehwan and Langmead, Ben and Salzberg, Steven L},
      journal={Nature methods},
      volume={12},
      number={4},
      pages={357--360},
      year={2015},
      publisher={Nature Publishing Group}
    }

    @article{siren2014indexing,
      title={Indexing graphs for path queries with applications in genome research},
      author={Sir{\'e}n, Jouni and V{\"a}lim{\"a}ki, Niko and M{\"a}kinen, Veli},
      journal={IEEE/ACM Transactions on Computational Biology and Bioinformatics (TCBB)},
      volume={11},
      number={2},
      pages={375--388},
      year={2014},
      publisher={IEEE Computer Society Press}
    }

    @inproceedings{grossi2003high,
      title={High-order entropy-compressed text indexes},
      author={Grossi, Roberto and Gupta, Ankur and Vitter, Jeffrey Scott},
      booktitle={Proceedings of the fourteenth annual ACM-SIAM symposium on Discrete algorithms},
      pages={841--850},
      year={2003},
      organization={Society for Industrial and Applied Mathematics}
    }

    @article{brankovic2016linear,
      title={Linear-time superbubble identification algorithm for genome assembly},
      author={Brankovic, Ljiljana and Iliopoulos, Costas S and Kundu, Ritu and Mohamed, Manal and Pissis, Solon P and Vayani, Fatima},
      journal={Theoretical Computer Science},
      volume={609},
      pages={374--383},
      year={2016},
      publisher={Elsevier}
    }

    @article{li2010building,
      title={Building the sequence map of the human pan-genome},
      author={Li, Ruiqiang and Li, Yingrui and Zheng, Hancheng and Luo, Ruibang and Zhu, Hongmei and Li, Qibin and Qian, Wubin and Ren, Yuanyuan and Tian, Geng and Li, Jinxiang and others},
      journal={Nature biotechnology},
      volume={28},
      number={1},
      pages={57--63},
      year={2010},
      publisher={Nature Publishing Group}
    }

    @article{siren2016gcsa2,
      title={Indexing Variation Graphs},
      author={Sir{\'e}n, Jouni},
      journal={arXiv preprint arXiv:1604.06605},
      year={2016}
    }
    
    @article{Paten:2011fva,
        author = {Paten, Benedict and Earl, Dent and Nguyen, Ngan and Diekhans, Mark and Zerbino, Daniel and Haussler, David},
        title = {{Cactus: Algorithms for genome multiple sequence alignment.}},
        journal = {Genome Research},
        year = {2011},
        volume = {21},
        number = {9},
        pages = {1512--1528},
        month = sep,
        affiliation = {Center for Biomolecular Science and Engineering, University of California-Santa Cruz, CA 95064, USA. benedict@soe.ucsc.edu},
        doi = {10.1101/gr.123356.111},
        file = {{Genome Research 2011 Paten.pdf:/Users/benedictpaten/Google Drive/Papers2/Articles/2011/Paten/Genome Research 2011 Paten.pdf:application/pdf}}
    }
    
@article{novak2016genome,
	author = {Novak, Adam M. and Hickey, Glenn and Garrison, Erik and Blum, Sean and Connelly, Abram and Dilthey, Alexander, and Elmohamed, M. A. Saleh and Guthrie, Sally and Kahles, Andre and Keenan, Stephen and Kelleher, Jerome and Kural, Deniz and Li, Heng and Miga, Karen  and Ouyang, Nancy  and Peterlongo, Pierre and Rakocevic, Goran and Smuga-Otto, Maciek and Durbin, Richard  and McVean, Gil and Haussler, David and Paten, Benedict},
    title = {Genome variation graphs},
    year = {2016}
}

@article{paten2016superbubbles,
	title = {Superbubbles, Ultrabubbles and Cacti},
	author = {Paten, Benedict and Novak, Adam M. and Garrison, Erik and Hickey, Glenn},
    year = {2016}
}

@book{durbin1998biological,
  title={Biological sequence analysis: probabilistic models of proteins and nucleic acids},
  author={Durbin, Richard and Eddy, Sean R and Krogh, Anders and Mitchison, Graeme},
  year={1998},
  publisher={Cambridge University Press}
}

@article{hamada2011probabilistic,
  title={Probabilistic alignments with quality scores: an application to short-read mapping toward accurate SNP/indel detection},
  author={Hamada, Michiaki and Wijaya, Edward and Frith, Martin C and Asai, Kiyoshi},
  journal={Bioinformatics},
  volume={27},
  number={22},
  pages={3085--3092},
  year={2011},
  publisher={Oxford Univ Press}
}

@article{pevzner2001eulerian,
  title={An Eulerian path approach to DNA fragment assembly},
  author={Pevzner, Pavel A and Tang, Haixu and Waterman, Michael S},
  journal={Proceedings of the National Academy of Sciences},
  volume={98},
  number={17},
  pages={9748--9753},
  year={2001},
  publisher={National Acad Sciences}
}

@article{cubillos2009sgrp,
  title={Generation of a large set of genetically tractable haploid and diploid Saccharomyces strains},
  author={Cubillos, Francisco A and Louis, Edward J and Liti, Gianni},
  journal={FEMS yeast research},
  volume={9},
  number={8},
  pages={1217--1225},
  year={2009},
  publisher={The Oxford University Press}
}

@article{danecek2011variant,
  title={The variant call format and {VCFtools}},
  author={Danecek, Petr and Auton, Adam and Abecasis, Goncalo and Albers, Cornelis A and Banks, Eric and DePristo, Mark A and Handsaker, Robert E and Lunter, Gerton and Marth, Gabor T and Sherry, Stephen T and others},
  journal={Bioinformatics},
  volume={27},
  number={15},
  pages={2156--2158},
  year={2011},
  publisher={Oxford Univ Press}
}

@article {Livia2015,
author = {Famiglietti, Maria Livia and Estreicher, Anne and Gos, Arnaud and Bolleman, Jerven and Géhant, Sébastien and Breuza, Lionel and Bridge, Alan and Poux, Sylvain and Redaschi, Nicole and Bougueleret, Lydie and Xenarios, Ioannis and the UniProt Consortium},
title = {Genetic Variations and Diseases in UniProtKB/Swiss-Prot: The Ins and Outs of Expert Manual Curation},
journal = {Human Mutation},
volume = {35},
number = {8},
issn = {1098-1004},
url = {http://dx.doi.org/10.1002/humu.22594},
doi = {10.1002/humu.22594},
pages = {927--935},
keywords = {UniProtKB/Swiss-Prot, database, manual curation, genetic variants, disease, functional annotation, controlled vocabulary},
year = {2014},
}

@article{novak2017genome,
  title={Genome Graphs},
  author={Novak, Adam M and Hickey, Glenn and Garrison, Erik and Blum, Sean and Connelly, Abram and Dilthey, Alexander and Eizenga, Jordan and Elmohamed, MA Saleh and Guthrie, Sally and Kahles, Andr{\'e} and others},
  journal={bioRxiv},
  pages={101378},
  year={2017},
  publisher={Cold Spring Harbor Labs Journals}
}

@article{lassila1999resource,
  title={Resource description framework (RDF) model and syntax specification},
  author={Lassila, Ora and Swick, Ralph R},
  year={1999}
}

@article{litisgrp,
   Author="Liti, G.  and Carter, D. M.  and Moses, A. M.  and Warringer, J.  and Parts, L.  and James, S. A.  and Davey, R. P.  and Roberts, I. N.  and Burt, A.  and Koufopanou, V.  and Tsai, I. J.  and Bergman, C. M.  and Bensasson, D.  and O'Kelly, M. J.  and van Oudenaarden, A.  and Barton, D. B.  and Bailes, E.  and Nguyen, A. N.  and Jones, M.  and Quail, M. A.  and Goodhead, I.  and Sims, S.  and Smith, F.  and Blomberg, A.  and Durbin, R.  and Louis, E. J. ",
   Title="{{P}opulation genomics of domestic and wild yeasts}",
   Journal="Nature",
   Year="2009",
   Volume="458",
   Number="7236",
   Pages="337--341",
   Month="Mar"
}

@inproceedings{Novak2016gPBWT,
	Author="Novak, AM and Garrison, E and Paten, B",
    Year="2016",
    Title="A graph extension of the positional {B}urrows-{W}heeler transform and its applications",
    Booktitle={Algorithms in bioinformatics},
    editor="Firth, M and Pedersen, CN",
    pages={246--256},
    publisher={Springer, Heidelberg, Germany}
}

@Article{Paten2017GR,
   Author="Paten, B.  and Novak, A. M.  and Eizenga, J. M.  and Garrison, E. ",
   Title="{{G}enome graphs and the evolution of genome inference}",
   Journal="Genome Res.",
   Year="2017",
   Volume="27",
   Number="5",
   Pages="665--676"
}
@Article{Ge2009ASE,
   Author="Ge, B.  and Pokholok, D. K.  and Kwan, T.  and Grundberg, E.  and Morcos, L.  and Verlaan, D. J.  and Le, J.  and Koka, V.  and Lam, K. C.  and Gagne, V.  and Dias, J.  and Hoberman, R.  and Montpetit, A.  and Joly, M. M.  and Harvey, E. J.  and Sinnett, D.  and Beaulieu, P.  and Hamon, R.  and Graziani, A.  and Dewar, K.  and Harmsen, E.  and Majewski, J.  and Goring, H. H.  and Naumova, A. K.  and Blanchette, M.  and Gunderson, K. L.  and Pastinen, T. ",
   Title="{{G}lobal patterns of cis variation in human cells revealed by high-density allelic expression analysis}",
   Journal="Nat. Genet.",
   Year="2009",
   Volume="41",
   Number="11",
   Pages="1216--1222",
   Month="Nov"
}

@inproceedings{Beretta2017,
	Author="Beretta, S. and Bonizzoni, P. and Denti, L. and Previtali, M. and Rizzi R",
    Year="2017",
    Title="{Mapping {R}{N}{A}-seq Data to a Transcript Graph via Approximate Pattern Matching to a Hypertext}",
    BookTitle="Algorithms for Computational Biology. AlCoB 2017", 
    Editor="Figueiredo, D. and Martín-Vide, C. and Pratas, D. and Vega-Rodríguez, M.",
    Pages="49--61",
    Publisher="Lecture Notes in Computer Science, vol 10252. Springer, Cham"
}

@article{yue2017contrasting,
  title={Contrasting evolutionary genome dynamics between domesticated and wild yeasts},
  author={Yue, Jia-Xing and Li, Jing and Aigrain, Louise and Hallin, Johan and Persson, Karl and Oliver, Karen and Bergstr{\"o}m, Anders and Coupland, Paul and Warringer, Jonas and Lagomarsino, Marco Cosentino and others},
  journal={Nature genetics},
  volume={49},
  number={6},
  pages={913--924},
  year={2017},
  publisher={Nature Research}
}

@article{zook2016extensive,
  title={Extensive sequencing of seven human genomes to characterize benchmark reference materials},
  author={Zook, Justin M and Catoe, David and McDaniel, Jennifer and Vang, Lindsay and Spies, Noah and Sidow, Arend and Weng, Ziming and Liu, Yuling and Mason, Christopher E and Alexander, Noah and others},
  journal={Scientific data},
  volume={3},
  year={2016},
  publisher={Nature Publishing Group}
}

@techreport{eggertsson2017graphtyper,
  title={Graphtyper enables population-scale genotyping using pangenome graphs},
  author={Eggertsson, Hannes P and Jonsson, Hakon and Kristmundsdottir, Snaedis and Hjartarson, Eirikur and Kehr, Birte and Masson, Gisli and Zink, Florian and Hjorleifsson, Kristjan E and Jonasdottir, Aslaug and Jonasdottir, Adalbjorg and others},
  year={2017},
  institution={Nature Research}
}

@article{rakocevic2017fast,
  title={Fast and Accurate Genomic Analyses using Genome Graphs},
  author={Rakocevic, Goran and Semenyuk, Vladimir and Spencer, James and Browning, John and Johnson, Ivan and Arsenijevic, Vladan and Nadj, Jelena and Ghose, Kaushik and Suciu, Maria C and Ji, Sun-Gou and others},
  journal={bioRxiv},
  pages={194530},
  year={2017},
  publisher={Cold Spring Harbor Laboratory}
}

@article{chin2016phased,
  title={Phased diploid genome assembly with single-molecule real-time sequencing},
  author={Chin, Chen-Shan and Peluso, Paul and Sedlazeck, Fritz J and Nattestad, Maria and Concepcion, Gregory T and Clum, Alicia and Dunn, Christopher and O'Malley, Ronan and Figueroa-Balderas, Rosa and Morales-Cruz, Abraham and others},
  journal={Nature methods},
  volume={13},
  number={12},
  pages={1050--1054},
  year={2016},
  publisher={Nature Research}
}

@inproceedings{siren2017indexing,
  title={Indexing variation graphs},
  author={Sir{\'e}n, Jouni},
  booktitle={2017 Proceedings of the ninteenth workshop on algorithm engineering and experiments (ALENEX)},
  pages={13--27},
  year={2017},
  organization={SIAM}
}
